% Mean Squared Error
@online{mse-naive-approach,
  author  = {Panagiotis Antoniadis},
  title   = {Algorithms for Image Comparison},
  url     = {https://www.baeldung.com/cs/image-comparison-algorithm},
  urldate = {2022-12-04},
  year    = {2022}
}

@online{mse-overview,
  author  = {Data Monsters},
  title   = {A Quick Overview of Methods to Measure the Similarity Between Images},
  url     = {https://medium.com/@datamonsters/a-quick-overview-of-methods-to-measure-the-similarity-between-images-f907166694ee},
  urldate = {2022-12-04},
  year    = {2020},
  month   = {03},
  day     = {24}
}

% Perceptual Hashing
@online{hashing-phash,
  author  = {Evan Klinger and David Starkweather},
  title   = {pHash - The open source perceptual hash library},
  url     = {https://www.phash.org/},
  urldate = {2022-12-04},
  year    = {2010}
}

@online{hashing-lvngd,
  author  = {Christina},
  title   = {Determining how similar two images are with Python + Perceptual Hashing},
  url     = {https://lvngd.com/blog/determining-how-similar-two-images-are-python-perceptual-hashing/},
  urldate = {2022-12-04},
  year    = {2020}
}

@online{hashing-apiumhub,
  author  = {Alcides Ramos},
  title   = {Introduction To Perceptual Hashes: Measuring Similarity},
  url     = {https://apiumhub.com/tech-blog-barcelona/introduction-perceptual-hashes-measuring-similarity/},
  urldate = {2022-12-04},
  year    = {2022}
}

@online{hashing-blockchain,
  author  = {Content Blockchain},
  title   = {Testing Different Image Hash Functions},
  url     = {https://content-blockchain.org/research/testing-different-image-hash-functions/},
  urldate = {2022-12-04},
  year    = {2022}
}

% Histogram Intersection
@misc{histogram-swain-ballard,
  author = {Michael J. Swain and Danah H. Ballard},
  title  = {Color Indexing},
  year   = {1991},
  month  = {01},
  day    = {22}
}

@misc{histogram-image-similarity,
  author = {S. M. Lee and J. H. Xin and S. Westland},
  title  = {Evaluation of Image Similarity by Histogram Intersection},
  year   = {2004},
  month  = {03},
  day    = {01}
}

@online{histogram-stackoverflow,
  author  = {Kyle Simek},
  title   = {Image comparison - fast algorithm},
  url     = {https://stackoverflow.com/a/844113/17726654},
  urldate = {2022-12-04},
  year    = {2009},
  month   = {04},
  day     = {15}
}

% Scale-Invariant Feature Transform (SIFT)
@misc{sift-distinctive-features,
  author = {David G. Lowe},
  title  = {Distinctive Image Features from Scale-Invariant Keypoints},
  year   = {2004},
  month  = {01},
  day    = {04}
}

@misc{sift-object-recognition,
  author = {David G. Lowe},
  title  = {Object Recognition from Local Scale-Invariant Features},
  year   = {1999},
  month  = {09},
  day    = {27}
}

@misc{sift-web-scale-space,
  author  = {Utkarsh Sinha},
  title   = {SIFT: Theory and Practice},
  url     = {https://aishack.in/tutorials/sift-scale-invariant-feature-transform-scale-space/},
  urldate = {2022-12-04}
}

@misc{sift-web-keypoint,
  author  = {Utkarsh Sinha},
  title   = {SIFT: Theory and Practice},
  url     = {https://aishack.in/tutorials/sift-scale-invariant-feature-transform-keypoints/},
  urldate = {2022-12-04}
}

@misc{sift-web-low-contrast,
  author  = {Utkarsh Sinha},
  title   = {SIFT: Theory and Practice},
  url     = {https://aishack.in/tutorials/sift-scale-invariant-feature-transform-eliminate-low-contrast/},
  urldate = {2022-12-04}
}

@misc{sift-web-orientation,
  author  = {Utkarsh Sinha},
  title   = {SIFT: Theory and Practice},
  url     = {https://aishack.in/tutorials/sift-scale-invariant-feature-transform-keypoint-orientation/},
  urldate = {2022-12-04}
}

@misc{sift-web-descriptor,
  author  = {Utkarsh Sinha},
  title   = {SIFT: Theory and Practice},
  url     = {https://aishack.in/tutorials/sift-scale-invariant-feature-transform-features/},
  urldate = {2022-12-04}
}

@misc{sift-surf,
  author    = {Bay, Herbert
               and Tuytelaars, Tinne
               and Van Gool, Luc},
  editor    = {Leonardis, Ale{\v{s}}
               and Bischof, Horst
               and Pinz, Axel},
  title     = {SURF: Speeded Up Robust Features},
  booktitle = {Computer Vision -- ECCV 2006},
  year      = {2006},
  publisher = {Springer Berlin Heidelberg},
  address   = {Berlin, Heidelberg},
  abstract  = {In this paper, we present a novel scale- and rotation-invariant interest point detector and descriptor, coined SURF (Speeded Up Robust Features). It approximates or even outperforms previously proposed schemes with respect to repeatability, distinctiveness, and robustness, yet can be computed and compared much faster.},
  isbn      = {978-3-540-33833-8}
}

% Structural Similarity Index (SSIM)
@misc{ssim-orig-paper,
  author = {Zhou Wang and Alan Conrad Bovik and Hamid Rahim Sheikh and Eero P. Simoncelli},
  title  = {Image Quality Assessment: From Error Visibility to Structural Similarity},
  year   = {2004},
  month  = {04},
  day    = {04}
}

@online{ssim-summary,
  author  = {Pranjal Datta},
  title   = {All about Structural Similarity Index (SSIM): Theory + Code in PyTorch},
  url     = {https://medium.com/srm-mic/all-about-structural-similarity-index-ssim-theory-code-in-pytorch-6551b455541e},
  urldate = {2022-12-04},
  year    = {2020},
  month   = {09},
  day     = {03}
}

@misc{ssim-complex-wavelet,
  author = {Mehul P. Sampat and Zhou Wang and Shalini Gupta and Alan Conrad Bovik and Mia K. Markey},
  title  = {Complex Wavelet Structural Similarity: A New Image Similarity Index},
  year   = {2019},
  month  = {10},
  day    = {16}
}

@misc{ssim-quality-assessment,
  author = {Fan Zhang and David R. Bull},
  title  = {Academic Press Library in signal Processing},
  year   = {2014}
}

% Siamese Network (Deep Learning)
@misc{siamese-orig-paper,
  author    = {Melekhov, Iaroslav and Kannala, Juho and Rahtu, Esa},
  booktitle = {2016 23rd International Conference on Pattern Recognition (ICPR)},
  title     = {Siamese network features for image matching},
  year      = {2016},
  volume    = {},
  number    = {},
  doi       = {10.1109/ICPR.2016.7899663}
}